<?xml version="1.0" encoding="UTF-8" ?><Document xmlns="urn:iso:std:iso:20022:tech:xsd:camt.053.001.02" xmlns:xsi="http://www.w3.org/2001/XMLSchema-instance"><BkToCstmrStmt><GrpHdr><MsgId>GIBASKBX-171213-SEPAXML~22315000</MsgId><CreDtTm>2017-12-13T23:24:36.0+01:00</CreDtTm><MsgRcpt><Nm>MT plus, s.r.o.</Nm><PstlAdr><StrtNm>Karpatske namestie  10A</StrtNm><PstCd>83106</PstCd><TwnNm>Bratislava</TwnNm><Ctry>SK</Ctry></PstlAdr><Id><OrgId><Othr><Id>MT plus, s.r.o.</Id></Othr></OrgId></Id></MsgRcpt></GrpHdr><Stmt><Id>SK4809000000005121966381-2017-12-13</Id><ElctrncSeqNb>298</ElctrncSeqNb><LglSeqNb>298</LglSeqNb><CreDtTm>2017-12-13T23:24:36.0+01:00</CreDtTm><FrToDt><FrDtTm>2017-12-13T00:00:00.0+01:00</FrDtTm><ToDtTm>2017-12-13T23:59:59.0+01:00</ToDtTm></FrToDt><Acct><Id><IBAN>SK4809000000005121966381</IBAN></Id><Ccy>EUR</Ccy><Nm>MT plus, s.r.o.</Nm><Ownr><Nm>MT plus, s.r.o.</Nm><PstlAdr><StrtNm>Karpatske namestie  10A</StrtNm><PstCd>83106</PstCd><TwnNm>Bratislava</TwnNm><Ctry>SK</Ctry></PstlAdr><Id><OrgId><Othr><Id>MT plus, s.r.o.</Id></Othr></OrgId></Id></Ownr><Svcr><FinInstnId><BIC>GIBASKBX</BIC><Nm>Slovenska sporitelna, a.s.</Nm><PstlAdr><StrtNm>Tomasikova</StrtNm><BldgNb>48</BldgNb><PstCd>83237</PstCd><TwnNm>Bratislava</TwnNm><Ctry>SK</Ctry></PstlAdr><Othr><Id>0900</Id></Othr></FinInstnId></Svcr></Acct><Bal><Tp><CdOrPrtry><Cd>PRCD</Cd></CdOrPrtry></Tp><Amt Ccy="EUR">10604.34</Amt><CdtDbtInd>CRDT</CdtDbtInd><Dt><Dt>2017-12-13</Dt></Dt></Bal><Bal><Tp><CdOrPrtry><Cd>CLBD</Cd></CdOrPrtry></Tp><Amt Ccy="EUR">12398.32</Amt><CdtDbtInd>CRDT</CdtDbtInd><Dt><Dt>2017-12-13</Dt></Dt></Bal><Bal><Tp><CdOrPrtry><Cd>CLAV</Cd></CdOrPrtry></Tp><CdtLine><Incl>true</Incl><Amt Ccy="EUR">0</Amt></CdtLine><Amt Ccy="EUR">9298.32</Amt><CdtDbtInd>CRDT</CdtDbtInd><Dt><Dt>2017-12-13</Dt></Dt></Bal><TxsSummry><TtlNtries><NbOfNtries>28</NbOfNtries><Sum>17800.38</Sum><TtlNetNtryAmt>1793.98</TtlNetNtryAmt><CdtDbtInd>CRDT</CdtDbtInd></TtlNtries><TtlCdtNtries><NbOfNtries>24</NbOfNtries><Sum>9797.18</Sum></TtlCdtNtries><TtlDbtNtries><NbOfNtries>4</NbOfNtries><Sum>8003.2</Sum></TtlDbtNtries></TxsSummry><Ntry><NtryRef>B1971685016-21</NtryRef><Amt Ccy="EUR">3000</Amt><CdtDbtInd>DBIT</CdtDbtInd><RvslInd>false</RvslInd><Sts>BOOK</Sts><BookgDt><Dt>2017-12-13</Dt></BookgDt><ValDt><Dt>2017-12-13</Dt></ValDt><BkTxCd><Prtry><Cd>30000101000</Cd><Issr>SBA</Issr></Prtry></BkTxCd><NtryDtls><TxDtls><Refs><AcctSvcrRef>4612231491</AcctSvcrRef><EndToEndId>/VS/SS/KS0608</EndToEndId><ChqNb>558445******6520</ChqNb><ClrSysRef>B1971685016-21</ClrSysRef></Refs><BkTxCd><Prtry><Cd>30000101000</Cd><Issr>SBA</Issr></Prtry></BkTxCd><RltdPties><DbtrAcct><Id><IBAN>SK4809000000005121966381</IBAN></Id></DbtrAcct><Cdtr><Nm>Zdravotne stredisko-Krasno nad Kysucou</Nm></Cdtr></RltdPties><RltdAgts><DbtrAgt><FinInstnId><BIC>GIBASKBX</BIC></FinInstnId></DbtrAgt></RltdAgts><RmtInf><Ustrd>Vyber kartou</Ustrd></RmtInf></TxDtls></NtryDtls></Ntry><Ntry><Amt Ccy="EUR">0.2</Amt><CdtDbtInd>DBIT</CdtDbtInd><RvslInd>false</RvslInd><Sts>BOOK</Sts><BookgDt><Dt>2017-12-13</Dt></BookgDt><ValDt><Dt>2017-12-13</Dt></ValDt><BkTxCd><Prtry><Cd>40000503000</Cd><Issr>SBA</Issr></Prtry></BkTxCd><NtryDtls><TxDtls><Refs><AcctSvcrRef>4612231506</AcctSvcrRef><EndToEndId>/VS/SS/KS0898</EndToEndId></Refs><BkTxCd><Prtry><Cd>40000503000</Cd><Issr>SBA</Issr></Prtry></BkTxCd><RltdPties><DbtrAcct><Id><IBAN>SK4809000000005121966381</IBAN></Id></DbtrAcct></RltdPties><RltdAgts><DbtrAgt><FinInstnId><BIC>GIBASKBX</BIC></FinInstnId></DbtrAgt></RltdAgts><RmtInf><Ustrd>Poplatok za vyber kartou</Ustrd></RmtInf></TxDtls></NtryDtls></Ntry><Ntry><NtryRef>1734611085578281</NtryRef><Amt Ccy="EUR">139</Amt><CdtDbtInd>CRDT</CdtDbtInd><RvslInd>false</RvslInd><Sts>BOOK</Sts><BookgDt><Dt>2017-12-13</Dt></BookgDt><ValDt><Dt>2017-12-13</Dt></ValDt><BkTxCd><Prtry><Cd>10000403000</Cd><Issr>SBA</Issr></Prtry></BkTxCd><NtryDtls><TxDtls><Refs><MsgId>103020171212000414-2</MsgId><AcctSvcrRef>F001131220172783195</AcctSvcrRef><EndToEndId>/VS40250/SS9171702226/KS0308</EndToEndId></Refs><BkTxCd><Prtry><Cd>10000403000</Cd><Issr>SBA</Issr></Prtry></BkTxCd><RltdPties><DbtrAcct><Id><IBAN>SK4002000000002744774956</IBAN></Id><Nm>DIRECT PARCEL DISTRIBUTION SK S.R.O.</Nm></DbtrAcct><CdtrAcct><Id><IBAN>SK4809000000005121966381</IBAN></Id><Nm>MT plus, s.r.o.</Nm></CdtrAcct></RltdPties><RltdAgts><DbtrAgt><FinInstnId><BIC>SUBASKBX</BIC></FinInstnId></DbtrAgt><CdtrAgt><FinInstnId><BIC>GIBASKBX</BIC></FinInstnId></CdtrAgt></RltdAgts><RmtInf><Ustrd>/DO2017-12-12/SP 06535009879706; ICO: 50550853</Ustrd></RmtInf></TxDtls></NtryDtls></Ntry><Ntry><NtryRef>1734611085575615</NtryRef><Amt Ccy="EUR">299</Amt><CdtDbtInd>CRDT</CdtDbtInd><RvslInd>false</RvslInd><Sts>BOOK</Sts><BookgDt><Dt>2017-12-13</Dt></BookgDt><ValDt><Dt>2017-12-13</Dt></ValDt><BkTxCd><Prtry><Cd>10000403000</Cd><Issr>SBA</Issr></Prtry></BkTxCd><NtryDtls><TxDtls><Refs><MsgId>103020171212000414-2</MsgId><AcctSvcrRef>F001131220172783267</AcctSvcrRef><EndToEndId>/VS40247/SS9171702222/KS0308</EndToEndId></Refs><BkTxCd><Prtry><Cd>10000403000</Cd><Issr>SBA</Issr></Prtry></BkTxCd><RltdPties><DbtrAcct><Id><IBAN>SK4002000000002744774956</IBAN></Id><Nm>DIRECT PARCEL DISTRIBUTION SK S.R.O.</Nm></DbtrAcct><CdtrAcct><Id><IBAN>SK4809000000005121966381</IBAN></Id><Nm>MT plus, s.r.o.</Nm></CdtrAcct></RltdPties><RltdAgts><DbtrAgt><FinInstnId><BIC>SUBASKBX</BIC></FinInstnId></DbtrAgt><CdtrAgt><FinInstnId><BIC>GIBASKBX</BIC></FinInstnId></CdtrAgt></RltdAgts><RmtInf><Ustrd>/DO2017-12-12/SP 06535009879705; ICO: 50550853</Ustrd></RmtInf></TxDtls></NtryDtls></Ntry><Ntry><NtryRef>1734611085578068</NtryRef><Amt Ccy="EUR">117.5</Amt><CdtDbtInd>CRDT</CdtDbtInd><RvslInd>false</RvslInd><Sts>BOOK</Sts><BookgDt><Dt>2017-12-13</Dt></BookgDt><ValDt><Dt>2017-12-13</Dt></ValDt><BkTxCd><Prtry><Cd>10000403000</Cd><Issr>SBA</Issr></Prtry></BkTxCd><NtryDtls><TxDtls><Refs><MsgId>103020171212000414-2</MsgId><AcctSvcrRef>F001131220172783615</AcctSvcrRef><EndToEndId>/VS40208/SS9171702217/KS0308</EndToEndId></Refs><BkTxCd><Prtry><Cd>10000403000</Cd><Issr>SBA</Issr></Prtry></BkTxCd><RltdPties><DbtrAcct><Id><IBAN>SK4002000000002744774956</IBAN></Id><Nm>DIRECT PARCEL DISTRIBUTION SK S.R.O.</Nm></DbtrAcct><CdtrAcct><Id><IBAN>SK4809000000005121966381</IBAN></Id><Nm>MT plus, s.r.o.</Nm></CdtrAcct></RltdPties><RltdAgts><DbtrAgt><FinInstnId><BIC>SUBASKBX</BIC></FinInstnId></DbtrAgt><CdtrAgt><FinInstnId><BIC>GIBASKBX</BIC></FinInstnId></CdtrAgt></RltdAgts><RmtInf><Ustrd>/DO2017-12-12/SP 06535009879696; ICO: 50550853</Ustrd></RmtInf></TxDtls></NtryDtls></Ntry><Ntry><NtryRef>1734611085574076</NtryRef><Amt Ccy="EUR">339</Amt><CdtDbtInd>CRDT</CdtDbtInd><RvslInd>false</RvslInd><Sts>BOOK</Sts><BookgDt><Dt>2017-12-13</Dt></BookgDt><ValDt><Dt>2017-12-13</Dt></ValDt><BkTxCd><Prtry><Cd>10000403000</Cd><Issr>SBA</Issr></Prtry></BkTxCd><NtryDtls><TxDtls><Refs><MsgId>103020171212000414-2</MsgId><AcctSvcrRef>F001131220172783757</AcctSvcrRef><EndToEndId>/VS40213/SS9171702216/KS0308</EndToEndId></Refs><BkTxCd><Prtry><Cd>10000403000</Cd><Issr>SBA</Issr></Prtry></BkTxCd><RltdPties><DbtrAcct><Id><IBAN>SK4002000000002744774956</IBAN></Id><Nm>DIRECT PARCEL DISTRIBUTION SK S.R.O.</Nm></DbtrAcct><CdtrAcct><Id><IBAN>SK4809000000005121966381</IBAN></Id><Nm>MT plus, s.r.o.</Nm></CdtrAcct></RltdPties><RltdAgts><DbtrAgt><FinInstnId><BIC>SUBASKBX</BIC></FinInstnId></DbtrAgt><CdtrAgt><FinInstnId><BIC>GIBASKBX</BIC></FinInstnId></CdtrAgt></RltdAgts><RmtInf><Ustrd>/DO2017-12-12/SP 06535009879697; ICO: 50550853</Ustrd></RmtInf></TxDtls></NtryDtls></Ntry><Ntry><NtryRef>1734611085575892</NtryRef><Amt Ccy="EUR">264.9</Amt><CdtDbtInd>CRDT</CdtDbtInd><RvslInd>false</RvslInd><Sts>BOOK</Sts><BookgDt><Dt>2017-12-13</Dt></BookgDt><ValDt><Dt>2017-12-13</Dt></ValDt><BkTxCd><Prtry><Cd>10000403000</Cd><Issr>SBA</Issr></Prtry></BkTxCd><NtryDtls><TxDtls><Refs><MsgId>103020171212000414-2</MsgId><AcctSvcrRef>F001131220172783922</AcctSvcrRef><EndToEndId>/VS40190/SS9171702223/KS0308</EndToEndId></Refs><BkTxCd><Prtry><Cd>10000403000</Cd><Issr>SBA</Issr></Prtry></BkTxCd><RltdPties><DbtrAcct><Id><IBAN>SK4002000000002744774956</IBAN></Id><Nm>DIRECT PARCEL DISTRIBUTION SK S.R.O.</Nm></DbtrAcct><CdtrAcct><Id><IBAN>SK4809000000005121966381</IBAN></Id><Nm>MT plus, s.r.o.</Nm></CdtrAcct></RltdPties><RltdAgts><DbtrAgt><FinInstnId><BIC>SUBASKBX</BIC></FinInstnId></DbtrAgt><CdtrAgt><FinInstnId><BIC>GIBASKBX</BIC></FinInstnId></CdtrAgt></RltdAgts><RmtInf><Ustrd>/DO2017-12-12/SP 06535009879694; ICO: 50550853</Ustrd></RmtInf></TxDtls></NtryDtls></Ntry><Ntry><NtryRef>1734611085580240</NtryRef><Amt Ccy="EUR">214</Amt><CdtDbtInd>CRDT</CdtDbtInd><RvslInd>false</RvslInd><Sts>BOOK</Sts><BookgDt><Dt>2017-12-13</Dt></BookgDt><ValDt><Dt>2017-12-13</Dt></ValDt><BkTxCd><Prtry><Cd>10000403000</Cd><Issr>SBA</Issr></Prtry></BkTxCd><NtryDtls><TxDtls><Refs><MsgId>103020171212000414-2</MsgId><AcctSvcrRef>F001131220172784633</AcctSvcrRef><EndToEndId>/VS40227/SS9171702227/KS0308</EndToEndId></Refs><BkTxCd><Prtry><Cd>10000403000</Cd><Issr>SBA</Issr></Prtry></BkTxCd><RltdPties><DbtrAcct><Id><IBAN>SK4002000000002744774956</IBAN></Id><Nm>DIRECT PARCEL DISTRIBUTION SK S.R.O.</Nm></DbtrAcct><CdtrAcct><Id><IBAN>SK4809000000005121966381</IBAN></Id><Nm>MT plus, s.r.o.</Nm></CdtrAcct></RltdPties><RltdAgts><DbtrAgt><FinInstnId><BIC>SUBASKBX</BIC></FinInstnId></DbtrAgt><CdtrAgt><FinInstnId><BIC>GIBASKBX</BIC></FinInstnId></CdtrAgt></RltdAgts><RmtInf><Ustrd>/DO2017-12-12/SP 06535009879701; ICO: 50550853</Ustrd></RmtInf></TxDtls></NtryDtls></Ntry><Ntry><NtryRef>1734611085575714</NtryRef><Amt Ccy="EUR">159.9</Amt><CdtDbtInd>CRDT</CdtDbtInd><RvslInd>false</RvslInd><Sts>BOOK</Sts><BookgDt><Dt>2017-12-13</Dt></BookgDt><ValDt><Dt>2017-12-13</Dt></ValDt><BkTxCd><Prtry><Cd>10000403000</Cd><Issr>SBA</Issr></Prtry></BkTxCd><NtryDtls><TxDtls><Refs><MsgId>103020171212000414-2</MsgId><AcctSvcrRef>F001131220172785086</AcctSvcrRef><EndToEndId>/VS40252/SS9171702225/KS0308</EndToEndId></Refs><BkTxCd><Prtry><Cd>10000403000</Cd><Issr>SBA</Issr></Prtry></BkTxCd><RltdPties><DbtrAcct><Id><IBAN>SK4002000000002744774956</IBAN></Id><Nm>DIRECT PARCEL DISTRIBUTION SK S.R.O.</Nm></DbtrAcct><CdtrAcct><Id><IBAN>SK4809000000005121966381</IBAN></Id><Nm>MT plus, s.r.o.</Nm></CdtrAcct></RltdPties><RltdAgts><DbtrAgt><FinInstnId><BIC>SUBASKBX</BIC></FinInstnId></DbtrAgt><CdtrAgt><FinInstnId><BIC>GIBASKBX</BIC></FinInstnId></CdtrAgt></RltdAgts><RmtInf><Ustrd>/DO2017-12-12/SP 06535009879707; ICO: 50550853</Ustrd></RmtInf></TxDtls></NtryDtls></Ntry><Ntry><NtryRef>1734611085575568</NtryRef><Amt Ccy="EUR">158</Amt><CdtDbtInd>CRDT</CdtDbtInd><RvslInd>false</RvslInd><Sts>BOOK</Sts><BookgDt><Dt>2017-12-13</Dt></BookgDt><ValDt><Dt>2017-12-13</Dt></ValDt><BkTxCd><Prtry><Cd>10000403000</Cd><Issr>SBA</Issr></Prtry></BkTxCd><NtryDtls><TxDtls><Refs><MsgId>103020171212000414-2</MsgId><AcctSvcrRef>F001131220172782883</AcctSvcrRef><EndToEndId>/VS40238/SS9171702224/KS0308</EndToEndId></Refs><BkTxCd><Prtry><Cd>10000403000</Cd><Issr>SBA</Issr></Prtry></BkTxCd><RltdPties><DbtrAcct><Id><IBAN>SK4002000000002744774956</IBAN></Id><Nm>DIRECT PARCEL DISTRIBUTION SK S.R.O.</Nm></DbtrAcct><CdtrAcct><Id><IBAN>SK4809000000005121966381</IBAN></Id><Nm>MT plus, s.r.o.</Nm></CdtrAcct></RltdPties><RltdAgts><DbtrAgt><FinInstnId><BIC>SUBASKBX</BIC></FinInstnId></DbtrAgt><CdtrAgt><FinInstnId><BIC>GIBASKBX</BIC></FinInstnId></CdtrAgt></RltdAgts><RmtInf><Ustrd>/DO2017-12-12/SP 06535009879703; ICO: 50550853</Ustrd></RmtInf></TxDtls></NtryDtls></Ntry><Ntry><NtryRef>1734611085571589</NtryRef><Amt Ccy="EUR">499.9</Amt><CdtDbtInd>CRDT</CdtDbtInd><RvslInd>false</RvslInd><Sts>BOOK</Sts><BookgDt><Dt>2017-12-13</Dt></BookgDt><ValDt><Dt>2017-12-13</Dt></ValDt><BkTxCd><Prtry><Cd>10000403000</Cd><Issr>SBA</Issr></Prtry></BkTxCd><NtryDtls><TxDtls><Refs><MsgId>103020171212000415-1</MsgId><AcctSvcrRef>F001131220172789077</AcctSvcrRef><EndToEndId>/VS40186/SS9171702218/KS0308</EndToEndId></Refs><BkTxCd><Prtry><Cd>10000403000</Cd><Issr>SBA</Issr></Prtry></BkTxCd><RltdPties><DbtrAcct><Id><IBAN>SK4002000000002744774956</IBAN></Id><Nm>DIRECT PARCEL DISTRIBUTION SK S.R.O.</Nm></DbtrAcct><CdtrAcct><Id><IBAN>SK4809000000005121966381</IBAN></Id><Nm>MT plus, s.r.o.</Nm></CdtrAcct></RltdPties><RltdAgts><DbtrAgt><FinInstnId><BIC>SUBASKBX</BIC></FinInstnId></DbtrAgt><CdtrAgt><FinInstnId><BIC>GIBASKBX</BIC></FinInstnId></CdtrAgt></RltdAgts><RmtInf><Ustrd>/DO2017-12-12/SP 06535009879693; ICO: 50550853</Ustrd></RmtInf></TxDtls></NtryDtls></Ntry><Ntry><NtryRef>1734611085585755</NtryRef><Amt Ccy="EUR">676.9</Amt><CdtDbtInd>CRDT</CdtDbtInd><RvslInd>false</RvslInd><Sts>BOOK</Sts><BookgDt><Dt>2017-12-13</Dt></BookgDt><ValDt><Dt>2017-12-13</Dt></ValDt><BkTxCd><Prtry><Cd>10000403000</Cd><Issr>SBA</Issr></Prtry></BkTxCd><NtryDtls><TxDtls><Refs><MsgId>103020171212000415-1</MsgId><AcctSvcrRef>F001131220172790862</AcctSvcrRef><EndToEndId>/VS40468/SS/KS</EndToEndId></Refs><BkTxCd><Prtry><Cd>10000403000</Cd><Issr>SBA</Issr></Prtry></BkTxCd><RltdPties><DbtrAcct><Id><IBAN>SK9102000000003795807353</IBAN></Id><Nm>S430 TRADE S.R.O.</Nm></DbtrAcct><CdtrAcct><Id><IBAN>SK4809000000005121966381</IBAN></Id><Nm>MT plus, s.r.o.</Nm></CdtrAcct></RltdPties><RltdAgts><DbtrAgt><FinInstnId><BIC>SUBASKBX</BIC></FinInstnId></DbtrAgt><CdtrAgt><FinInstnId><BIC>GIBASKBX</BIC></FinInstnId></CdtrAgt></RltdAgts><RmtInf><Ustrd>/DO2017-12-12/SP</Ustrd></RmtInf></TxDtls></NtryDtls></Ntry><Ntry><NtryRef>1734611085580513</NtryRef><Amt Ccy="EUR">231</Amt><CdtDbtInd>CRDT</CdtDbtInd><RvslInd>false</RvslInd><Sts>BOOK</Sts><BookgDt><Dt>2017-12-13</Dt></BookgDt><ValDt><Dt>2017-12-13</Dt></ValDt><BkTxCd><Prtry><Cd>10000403000</Cd><Issr>SBA</Issr></Prtry></BkTxCd><NtryDtls><TxDtls><Refs><MsgId>103020171212000415-1</MsgId><AcctSvcrRef>F001131220172791110</AcctSvcrRef><EndToEndId>/VS40197/SS9171702219/KS0308</EndToEndId></Refs><BkTxCd><Prtry><Cd>10000403000</Cd><Issr>SBA</Issr></Prtry></BkTxCd><RltdPties><DbtrAcct><Id><IBAN>SK4002000000002744774956</IBAN></Id><Nm>DIRECT PARCEL DISTRIBUTION SK S.R.O.</Nm></DbtrAcct><CdtrAcct><Id><IBAN>SK4809000000005121966381</IBAN></Id><Nm>MT plus, s.r.o.</Nm></CdtrAcct></RltdPties><RltdAgts><DbtrAgt><FinInstnId><BIC>SUBASKBX</BIC></FinInstnId></DbtrAgt><CdtrAgt><FinInstnId><BIC>GIBASKBX</BIC></FinInstnId></CdtrAgt></RltdAgts><RmtInf><Ustrd>/DO2017-12-12/SP 06535009879695; ICO: 50550853</Ustrd></RmtInf></TxDtls></NtryDtls></Ntry><Ntry><NtryRef>1734611085581138</NtryRef><Amt Ccy="EUR">196</Amt><CdtDbtInd>CRDT</CdtDbtInd><RvslInd>false</RvslInd><Sts>BOOK</Sts><BookgDt><Dt>2017-12-13</Dt></BookgDt><ValDt><Dt>2017-12-13</Dt></ValDt><BkTxCd><Prtry><Cd>10000403000</Cd><Issr>SBA</Issr></Prtry></BkTxCd><NtryDtls><TxDtls><Refs><MsgId>103020171212000415-1</MsgId><AcctSvcrRef>F001131220172791248</AcctSvcrRef><EndToEndId>/VS40232/SS9171702221/KS0308</EndToEndId></Refs><BkTxCd><Prtry><Cd>10000403000</Cd><Issr>SBA</Issr></Prtry></BkTxCd><RltdPties><DbtrAcct><Id><IBAN>SK4002000000002744774956</IBAN></Id><Nm>DIRECT PARCEL DISTRIBUTION SK S.R.O.</Nm></DbtrAcct><CdtrAcct><Id><IBAN>SK4809000000005121966381</IBAN></Id><Nm>MT plus, s.r.o.</Nm></CdtrAcct></RltdPties><RltdAgts><DbtrAgt><FinInstnId><BIC>SUBASKBX</BIC></FinInstnId></DbtrAgt><CdtrAgt><FinInstnId><BIC>GIBASKBX</BIC></FinInstnId></CdtrAgt></RltdAgts><RmtInf><Ustrd>/DO2017-12-12/SP 06535009879702; ICO: 50550853</Ustrd></RmtInf></TxDtls></NtryDtls></Ntry><Ntry><NtryRef>1734611085581618</NtryRef><Amt Ccy="EUR">227</Amt><CdtDbtInd>CRDT</CdtDbtInd><RvslInd>false</RvslInd><Sts>BOOK</Sts><BookgDt><Dt>2017-12-13</Dt></BookgDt><ValDt><Dt>2017-12-13</Dt></ValDt><BkTxCd><Prtry><Cd>10000403000</Cd><Issr>SBA</Issr></Prtry></BkTxCd><NtryDtls><TxDtls><Refs><MsgId>103020171212000415-1</MsgId><AcctSvcrRef>F001131220172791250</AcctSvcrRef><EndToEndId>/VS40246/SS9171702220/KS0308</EndToEndId></Refs><BkTxCd><Prtry><Cd>10000403000</Cd><Issr>SBA</Issr></Prtry></BkTxCd><RltdPties><DbtrAcct><Id><IBAN>SK4002000000002744774956</IBAN></Id><Nm>DIRECT PARCEL DISTRIBUTION SK S.R.O.</Nm></DbtrAcct><CdtrAcct><Id><IBAN>SK4809000000005121966381</IBAN></Id><Nm>MT plus, s.r.o.</Nm></CdtrAcct></RltdPties><RltdAgts><DbtrAgt><FinInstnId><BIC>SUBASKBX</BIC></FinInstnId></DbtrAgt><CdtrAgt><FinInstnId><BIC>GIBASKBX</BIC></FinInstnId></CdtrAgt></RltdAgts><RmtInf><Ustrd>/DO2017-12-12/SP 06535009879704; ICO: 50550853</Ustrd></RmtInf></TxDtls></NtryDtls></Ntry><Ntry><NtryRef>20171212-IZ324412156</NtryRef><Amt Ccy="EUR">271.5</Amt><CdtDbtInd>CRDT</CdtDbtInd><RvslInd>false</RvslInd><Sts>BOOK</Sts><BookgDt><Dt>2017-12-13</Dt></BookgDt><ValDt><Dt>2017-12-13</Dt></ValDt><BkTxCd><Prtry><Cd>10000403000</Cd><Issr>SBA</Issr></Prtry></BkTxCd><NtryDtls><TxDtls><Refs><MsgId>103020171212000410-1</MsgId><AcctSvcrRef>F001131220172823277</AcctSvcrRef><EndToEndId>/VS40430/SS/KS</EndToEndId></Refs><BkTxCd><Prtry><Cd>10000403000</Cd><Issr>SBA</Issr></Prtry></BkTxCd><RltdPties><DbtrAcct><Id><IBAN>SK2811110000001292735002</IBAN></Id><Nm>SKOLEKOVA IVANA</Nm></DbtrAcct><CdtrAcct><Id><IBAN>SK4809000000005121966381</IBAN></Id><Nm>MT plus, s.r.o.</Nm></CdtrAcct></RltdPties><RltdAgts><DbtrAgt><FinInstnId><BIC>UNCRSKBX</BIC></FinInstnId></DbtrAgt><CdtrAgt><FinInstnId><BIC>GIBASKBX</BIC></FinInstnId></CdtrAgt></RltdAgts><RmtInf><Ustrd>skolekova telefony</Ustrd></RmtInf></TxDtls></NtryDtls></Ntry><Ntry><NtryRef>2017-12-12/O:2P7LPW</NtryRef><Amt Ccy="EUR">136.5</Amt><CdtDbtInd>CRDT</CdtDbtInd><RvslInd>false</RvslInd><Sts>BOOK</Sts><BookgDt><Dt>2017-12-13</Dt></BookgDt><ValDt><Dt>2017-12-13</Dt></ValDt><BkTxCd><Prtry><Cd>10000403000</Cd><Issr>SBA</Issr></Prtry></BkTxCd><NtryDtls><TxDtls><Refs><MsgId>103020171212000419-2</MsgId><AcctSvcrRef>F001131220172865007</AcctSvcrRef><EndToEndId>/VS40455/SS/KS008</EndToEndId></Refs><BkTxCd><Prtry><Cd>10000403000</Cd><Issr>SBA</Issr></Prtry></BkTxCd><RltdPties><DbtrAcct><Id><IBAN>SK4456000000009229423002</IBAN></Id><Nm>MARONKOVA IVETA</Nm></DbtrAcct><CdtrAcct><Id><IBAN>SK4809000000005121966381</IBAN></Id><Nm>MT plus, s.r.o.</Nm></CdtrAcct></RltdPties><RltdAgts><DbtrAgt><FinInstnId><BIC>KOMASK2X</BIC></FinInstnId></DbtrAgt><CdtrAgt><FinInstnId><BIC>GIBASKBX</BIC></FinInstnId></CdtrAgt></RltdAgts><RmtInf><Ustrd>/DO2017-12-12/SPMaronkova Iveta, Kovalov 99, 906 03</Ustrd></RmtInf></TxDtls></NtryDtls></Ntry><Ntry><NtryRef>2017-12-12/O:2P5GMU</NtryRef><Amt Ccy="EUR">161.04</Amt><CdtDbtInd>CRDT</CdtDbtInd><RvslInd>false</RvslInd><Sts>BOOK</Sts><BookgDt><Dt>2017-12-13</Dt></BookgDt><ValDt><Dt>2017-12-13</Dt></ValDt><BkTxCd><Prtry><Cd>10000403000</Cd><Issr>SBA</Issr></Prtry></BkTxCd><NtryDtls><TxDtls><Refs><MsgId>103020171212000418-1</MsgId><AcctSvcrRef>F001131220172878895</AcctSvcrRef><EndToEndId>/VS40437/SS0/KS0</EndToEndId></Refs><BkTxCd><Prtry><Cd>10000403000</Cd><Issr>SBA</Issr></Prtry></BkTxCd><RltdPties><DbtrAcct><Id><IBAN>SK6356000000004955514002</IBAN></Id><Nm>MITURA STEFAN</Nm></DbtrAcct><CdtrAcct><Id><IBAN>SK4809000000005121966381</IBAN></Id><Nm>MT plus, s.r.o.</Nm></CdtrAcct></RltdPties><RltdAgts><DbtrAgt><FinInstnId><BIC>KOMASK2X</BIC></FinInstnId></DbtrAgt><CdtrAgt><FinInstnId><BIC>GIBASKBX</BIC></FinInstnId></CdtrAgt></RltdAgts><RmtInf><Ustrd>/DO2017-12-12/SPxiaomi</Ustrd></RmtInf></TxDtls></NtryDtls></Ntry><Ntry><NtryRef>1734711086764482</NtryRef><Amt Ccy="EUR">190.5</Amt><CdtDbtInd>CRDT</CdtDbtInd><RvslInd>false</RvslInd><Sts>BOOK</Sts><BookgDt><Dt>2017-12-13</Dt></BookgDt><ValDt><Dt>2017-12-13</Dt></ValDt><BkTxCd><Prtry><Cd>10000403000</Cd><Issr>SBA</Issr></Prtry></BkTxCd><NtryDtls><TxDtls><Refs><MsgId>103020171212000462-6</MsgId><AcctSvcrRef>F001131220173020049</AcctSvcrRef><EndToEndId>/VS40478/SS/KS</EndToEndId></Refs><BkTxCd><Prtry><Cd>10000403000</Cd><Issr>SBA</Issr></Prtry></BkTxCd><RltdPties><DbtrAcct><Id><IBAN>SK2802000000001131442751</IBAN></Id><Nm>Michal Mrocek</Nm></DbtrAcct><CdtrAcct><Id><IBAN>SK4809000000005121966381</IBAN></Id><Nm>MT plus, s.r.o.</Nm></CdtrAcct></RltdPties><RltdAgts><DbtrAgt><FinInstnId><BIC>SUBASKBX</BIC></FinInstnId></DbtrAgt><CdtrAgt><FinInstnId><BIC>GIBASKBX</BIC></FinInstnId></CdtrAgt></RltdAgts><RmtInf><Ustrd>/DO2017-12-13/SP Mrocek, Samsung GalaxyJ5 2017</Ustrd></RmtInf></TxDtls></NtryDtls></Ntry><Ntry><NtryRef>14479610128</NtryRef><Amt Ccy="EUR">136.5</Amt><CdtDbtInd>CRDT</CdtDbtInd><RvslInd>false</RvslInd><Sts>BOOK</Sts><BookgDt><Dt>2017-12-13</Dt></BookgDt><ValDt><Dt>2017-12-13</Dt></ValDt><BkTxCd><Prtry><Cd>10000403000</Cd><Issr>SBA</Issr></Prtry></BkTxCd><NtryDtls><TxDtls><Refs><MsgId>103020171212000472-32</MsgId><AcctSvcrRef>F001131220173100210</AcctSvcrRef><EndToEndId>/VS40484/SS/KS</EndToEndId></Refs><BkTxCd><Prtry><Cd>10000403000</Cd><Issr>SBA</Issr></Prtry></BkTxCd><RltdPties><DbtrAcct><Id><IBAN>SK7183300000002300948134</IBAN></Id><Nm>Peter Golian</Nm></DbtrAcct><CdtrAcct><Id><IBAN>SK4809000000005121966381</IBAN></Id><Nm>MT plus, s.r.o.</Nm></CdtrAcct></RltdPties><RltdAgts><DbtrAgt><FinInstnId><BIC>FIOZSKBA</BIC></FinInstnId></DbtrAgt><CdtrAgt><FinInstnId><BIC>GIBASKBX</BIC></FinInstnId></CdtrAgt></RltdAgts></TxDtls></NtryDtls></Ntry><Ntry><NtryRef>11600-20171212-6125750</NtryRef><Amt Ccy="EUR">4814.5</Amt><CdtDbtInd>CRDT</CdtDbtInd><RvslInd>false</RvslInd><Sts>BOOK</Sts><BookgDt><Dt>2017-12-13</Dt></BookgDt><ValDt><Dt>2017-12-13</Dt></ValDt><BkTxCd><Prtry><Cd>10000403000</Cd><Issr>SBA</Issr></Prtry></BkTxCd><NtryDtls><TxDtls><Refs><MsgId>103020171212000469-3</MsgId><AcctSvcrRef>F001131220173108185</AcctSvcrRef><InstrId>04-0017219980</InstrId><EndToEndId>/VS00008289/SS00000020/KS0308</EndToEndId></Refs><BkTxCd><Prtry><Cd>10000403000</Cd><Issr>SBA</Issr></Prtry></BkTxCd><RltdPties><DbtrAcct><Id><IBAN>SK7065000000000020357357</IBAN></Id><Nm>Slovenska posta, a.s.</Nm></DbtrAcct><CdtrAcct><Id><IBAN>SK4809000000005121966381</IBAN></Id><Nm>MT plus, s.r.o.</Nm></CdtrAcct></RltdPties><RltdAgts><DbtrAgt><FinInstnId><BIC>POBNSKBA</BIC></FinInstnId></DbtrAgt><CdtrAgt><FinInstnId><BIC>GIBASKBX</BIC></FinInstnId></CdtrAgt></RltdAgts><RmtInf><Ustrd>/DO2017-12-12/SP</Ustrd></RmtInf></TxDtls></NtryDtls></Ntry><Ntry><NtryRef>OP17121201073442</NtryRef><Amt Ccy="EUR">6.54</Amt><CdtDbtInd>CRDT</CdtDbtInd><RvslInd>false</RvslInd><Sts>BOOK</Sts><BookgDt><Dt>2017-12-13</Dt></BookgDt><ValDt><Dt>2017-12-13</Dt></ValDt><BkTxCd><Prtry><Cd>10000403000</Cd><Issr>SBA</Issr></Prtry></BkTxCd><NtryDtls><TxDtls><Refs><MsgId>103020171212000468-5</MsgId><AcctSvcrRef>F001131220173115350</AcctSvcrRef><InstrId>OP17121201073442</InstrId><EndToEndId>/VS40472/SS/KS</EndToEndId></Refs><BkTxCd><Prtry><Cd>10000403000</Cd><Issr>SBA</Issr></Prtry></BkTxCd><RltdPties><DbtrAcct><Id><IBAN>SK6111000000002613868979</IBAN></Id><Nm>SVEC VLADIMIR</Nm></DbtrAcct><CdtrAcct><Id><IBAN>SK4809000000005121966381</IBAN></Id><Nm>MT plus, s.r.o.</Nm></CdtrAcct></RltdPties><RltdAgts><DbtrAgt><FinInstnId><BIC>TATRSKBX</BIC></FinInstnId></DbtrAgt><CdtrAgt><FinInstnId><BIC>GIBASKBX</BIC></FinInstnId></CdtrAgt></RltdAgts><RmtInf><Ustrd>/DO2017-12-12/SPpuzdro</Ustrd></RmtInf></TxDtls></NtryDtls></Ntry><Ntry><NtryRef>FSY0013195817</NtryRef><Amt Ccy="EUR">139.5</Amt><CdtDbtInd>CRDT</CdtDbtInd><RvslInd>false</RvslInd><Sts>BOOK</Sts><BookgDt><Dt>2017-12-13</Dt></BookgDt><ValDt><Dt>2017-12-13</Dt></ValDt><BkTxCd><Prtry><Cd>10000403000</Cd><Issr>SBA</Issr></Prtry></BkTxCd><NtryDtls><TxDtls><Refs><AcctSvcrRef>F001131220173195818</AcctSvcrRef><EndToEndId>/VS0000040492/SS/KS</EndToEndId></Refs><BkTxCd><Prtry><Cd>10000403000</Cd><Issr>SBA</Issr></Prtry></BkTxCd><RltdPties><DbtrAcct><Id><IBAN>SK5309000000005051844409</IBAN></Id><Nm>Ragulova Jana</Nm></DbtrAcct><CdtrAcct><Id><IBAN>SK4809000000005121966381</IBAN></Id><Nm>MT plus, s.r.o.</Nm></CdtrAcct></RltdPties><RltdAgts><DbtrAgt><FinInstnId><BIC>GIBASKBX</BIC></FinInstnId></DbtrAgt><CdtrAgt><FinInstnId><BIC>GIBASKBX</BIC></FinInstnId></CdtrAgt></RltdAgts><RmtInf><Ustrd>Bezhotovostny vklad</Ustrd></RmtInf></TxDtls></NtryDtls></Ntry><Ntry><NtryRef>FSY0013225333</NtryRef><Amt Ccy="EUR">139.5</Amt><CdtDbtInd>CRDT</CdtDbtInd><RvslInd>false</RvslInd><Sts>BOOK</Sts><BookgDt><Dt>2017-12-13</Dt></BookgDt><ValDt><Dt>2017-12-13</Dt></ValDt><BkTxCd><Prtry><Cd>10000403000</Cd><Issr>SBA</Issr></Prtry></BkTxCd><NtryDtls><TxDtls><Refs><AcctSvcrRef>F001131220173225335</AcctSvcrRef><EndToEndId>/VS0000040503/SS/KS</EndToEndId></Refs><BkTxCd><Prtry><Cd>10000403000</Cd><Issr>SBA</Issr></Prtry></BkTxCd><RltdPties><DbtrAcct><Id><IBAN>SK3509000000005046355600</IBAN></Id><Nm>Alusik Jozef</Nm></DbtrAcct><CdtrAcct><Id><IBAN>SK4809000000005121966381</IBAN></Id><Nm>MT plus, s.r.o.</Nm></CdtrAcct></RltdPties><RltdAgts><DbtrAgt><FinInstnId><BIC>GIBASKBX</BIC></FinInstnId></DbtrAgt><CdtrAgt><FinInstnId><BIC>GIBASKBX</BIC></FinInstnId></CdtrAgt></RltdAgts><RmtInf><Ustrd>Bezhotovostny vklad</Ustrd></RmtInf></TxDtls></NtryDtls></Ntry><Ntry><NtryRef>FSY0013273087</NtryRef><Amt Ccy="EUR">139.5</Amt><CdtDbtInd>CRDT</CdtDbtInd><RvslInd>false</RvslInd><Sts>BOOK</Sts><BookgDt><Dt>2017-12-13</Dt></BookgDt><ValDt><Dt>2017-12-13</Dt></ValDt><BkTxCd><Prtry><Cd>10000403000</Cd><Issr>SBA</Issr></Prtry></BkTxCd><NtryDtls><TxDtls><Refs><AcctSvcrRef>F001131220173273088</AcctSvcrRef><EndToEndId>/VS0000040510/SS/KS</EndToEndId></Refs><BkTxCd><Prtry><Cd>10000403000</Cd><Issr>SBA</Issr></Prtry></BkTxCd><RltdPties><DbtrAcct><Id><IBAN>SK0909000000000494313102</IBAN></Id><Nm>Kakalejcikova Jana</Nm></DbtrAcct><CdtrAcct><Id><IBAN>SK4809000000005121966381</IBAN></Id><Nm>MT plus, s.r.o.</Nm></CdtrAcct></RltdPties><RltdAgts><DbtrAgt><FinInstnId><BIC>GIBASKBX</BIC></FinInstnId></DbtrAgt><CdtrAgt><FinInstnId><BIC>GIBASKBX</BIC></FinInstnId></CdtrAgt></RltdAgts><RmtInf><Ustrd>Jana Radikova, XIAOMI, obj.40510</Ustrd></RmtInf></TxDtls></NtryDtls></Ntry><Ntry><NtryRef>FSY0013283589</NtryRef><Amt Ccy="EUR">139.5</Amt><CdtDbtInd>CRDT</CdtDbtInd><RvslInd>false</RvslInd><Sts>BOOK</Sts><BookgDt><Dt>2017-12-13</Dt></BookgDt><ValDt><Dt>2017-12-13</Dt></ValDt><BkTxCd><Prtry><Cd>10000403000</Cd><Issr>SBA</Issr></Prtry></BkTxCd><NtryDtls><TxDtls><Refs><AcctSvcrRef>F001131220173283590</AcctSvcrRef><EndToEndId>/VS0000040517/SS/KS</EndToEndId></Refs><BkTxCd><Prtry><Cd>10000403000</Cd><Issr>SBA</Issr></Prtry></BkTxCd><RltdPties><DbtrAcct><Id><IBAN>SK3309000000000620958586</IBAN></Id><Nm>Perat Peter</Nm></DbtrAcct><CdtrAcct><Id><IBAN>SK4809000000005121966381</IBAN></Id><Nm>MT plus, s.r.o.</Nm></CdtrAcct></RltdPties><RltdAgts><DbtrAgt><FinInstnId><BIC>GIBASKBX</BIC></FinInstnId></DbtrAgt><CdtrAgt><FinInstnId><BIC>GIBASKBX</BIC></FinInstnId></CdtrAgt></RltdAgts><RmtInf><Ustrd>Bezhotovostny vklad</Ustrd></RmtInf></TxDtls></NtryDtls></Ntry><Ntry><Amt Ccy="EUR">5000</Amt><CdtDbtInd>DBIT</CdtDbtInd><RvslInd>false</RvslInd><Sts>BOOK</Sts><BookgDt><Dt>2017-12-13</Dt></BookgDt><ValDt><Dt>2017-12-13</Dt></ValDt><BkTxCd><Prtry><Cd>20000201000</Cd><Issr>SBA</Issr></Prtry></BkTxCd><NtryDtls><TxDtls><Refs><AcctSvcrRef>4613980339</AcctSvcrRef></Refs><BkTxCd><Prtry><Cd>20000201000</Cd><Issr>SBA</Issr></Prtry></BkTxCd><RltdPties><DbtrAcct><Id><IBAN>SK4809000000005121966381</IBAN></Id></DbtrAcct></RltdPties><RltdAgts><DbtrAgt><FinInstnId><BIC>GIBASKBX</BIC></FinInstnId></DbtrAgt></RltdAgts></TxDtls></NtryDtls></Ntry><Ntry><Amt Ccy="EUR">3</Amt><CdtDbtInd>DBIT</CdtDbtInd><RvslInd>false</RvslInd><Sts>BOOK</Sts><BookgDt><Dt>2017-12-13</Dt></BookgDt><ValDt><Dt>2017-12-13</Dt></ValDt><BkTxCd><Prtry><Cd>40000605000</Cd><Issr>SBA</Issr></Prtry></BkTxCd><NtryDtls><TxDtls><Refs><AcctSvcrRef>4613980340</AcctSvcrRef><EndToEndId>/VS/SS/KS0898</EndToEndId></Refs><BkTxCd><Prtry><Cd>40000605000</Cd><Issr>SBA</Issr></Prtry></BkTxCd><RltdPties><DbtrAcct><Id><IBAN>SK4809000000005121966381</IBAN></Id></DbtrAcct></RltdPties><RltdAgts><DbtrAgt><FinInstnId><BIC>GIBASKBX</BIC></FinInstnId></DbtrAgt></RltdAgts><RmtInf><Ustrd>Poplatok za vyber hotovosti</Ustrd></RmtInf></TxDtls></NtryDtls></Ntry></Stmt></BkToCstmrStmt></Document>